@article{leisch02,
    author = {Leisch, F.},
    journal = {R News},
    number = {3},
    pages = {28--31},
    pdf = {http://CRAN.R-project.org/doc/Rnews/Rnews\_2002-3.pdf},
    title = {Sweave, Part {I}: Mixing {R} and {\\LaTeX}},
    url = {http://CRAN.R-project.org/doc/Rnews/},
    volume = {2},
    year = {2002}
}

@article{dolnicar2003winter,
  title={Winter tourist segments in Austria: Identifying stable vacation styles using bagged clustering techniques},
  author={Dolnicar, Sara and Leisch, Friedrich},
  journal={Journal of Travel Research},
  volume={41},
  number={3},
  pages={281--292},
  year={2003},
  publisher={Sage Publications}
}

@article{cliff2009formative,
  title={A formative index of segment attractiveness: optimising segment selection for tourism destinations},
  author={Cliff, Katie},
  year={2009}
}

@article{lundh1999introduction,
 title={An introduction to tkinter},
 author={Lundh, Fredrik},
 journal={URL: www. pythonware. com/library/tkinter/introduction/index. htm},
 year={1999}
}

@misc{schimansky24,
  author = {Schimansky, T.},
  title = {CustomTkinter},
  year = {2024},
  publisher = {GitHub},
  journal = {GitHub repository},
  howpublished = {\url{https://github.com/TomSchimansky/CustomTkinter}}
}


@misc{galahr,
  author = {Laa, U., Cook D.},
  title = {galahr},
  year = {2024},
  publisher = {GitHub},
  journal = {GitHub repository},
  howpublished = {\url{https://github.com/uschiLaa/galahr}}
}


@Article{Hunter:2007,
  Author    = {Hunter, J. D.},
  Title     = {Matplotlib: A 2D graphics environment},
  Journal   = {Computing in Science \& Engineering},
  Volume    = {9},
  Number    = {3},
  Pages     = {90--95},
  abstract  = {Matplotlib is a 2D graphics package used for Python for
  application development, interactive scripting, and publication-quality
  image generation across user interfaces and operating systems.},
  publisher = {IEEE COMPUTER SOC},
  doi       = {10.1109/MCSE.2007.55},
  year      = 2007
}

@Article{tourr,
  title = {{tourr}: An {R} Package for Exploring Multivariate Data
    with Projections},
  author = {Hadley Wickham and Dianne Cook and Heike Hofmann and
    Andreas Buja},
  journal = {Journal of Statistical Software},
  year = {2011},
  volume = {40},
  number = {2},
  pages = {1--18},
  url = {https://doi.org/10.18637/jss.v040.i02},
}

@Manual{reticulate,
  title = {reticulate: Interface to 'Python'},
  author = {Kevin Ushey and JJ Allaire and Yuan Tang},
  year = {2024},
  note = {R package version 1.38.0, 
  https://github.com/rstudio/reticulate},
  url = {https://rstudio.github.io/reticulate/},
}




@Book{knitr,
    title = {Dynamic Documents with {R} and knitr},
    author = {Yihui Xie},
    publisher = {Chapman and Hall/CRC},
    address = {Boca Raton, Florida},
    year = {2015},
    edition = {2nd},
    doi = {10.1201/9781315382487},
  }


@Manual{shiny,
  title = {shiny: Web Application Framework for R},
  author = {Winston Chang and Joe Cheng and JJ Allaire and Carson Sievert and Barret Schloerke and Yihui Xie and Jeff Allen and Jonathan McPherson and Alan Dipert and Barbara Borges},
  year = {2024},
  note = {R package version 1.9.1.9000,
    https://github.com/rstudio/shiny},
  url = {https://shiny.posit.co/},
}

@online{plotly,
  author = {Plotly Technologies Inc.},
  title = {Collaborative data science},
  publisher = {Plotly Technologies Inc.},
  address = {Montreal, QC},
  year = {2015},
  url = {https://plot.ly}
}

@Manual{detourr,
  title = {detourr: Portable and Performant Tour Animations},
  author = {Casper Hart and Earo Wang},
  year = {2022},
  note = {R package version 0.1.0},
  url = {https://casperhart.github.io/detourr/},
}

@article{laa2023new,
  title={New and simplified manual controls for projection and slice tours, with application to exploring classification boundaries in high dimensions},
  author={Laa, Ursula and Aumann, Alex and Cook, Dianne and Valencia, German},
  journal={Journal of Computational and Graphical Statistics},
  volume={32},
  number={3},
  pages={1229--1236},
  year={2023},
  publisher={Taylor \& Francis}
}

@article{fleet20, 
  title={Fleet Management in Free-Floating Bike Sharing Systems Using Predictive Modelling and Explorative Tools}, 
  volume={49}, 
  DOI={10.17713/ajs.v49i2.1114}, 
  number={2}, 
  journal={Austrian Journal of Statistics}, 
  author={Templ, M. and Heitz, C.}, 
  year={2020},  
  pages={53â€“69} 
}

